<record><leader>00000cas a22000007a 4500</leader><controlfield tag="001">13777159</controlfield><controlfield tag="008">860625d18941978wiuwr ne      0    0eng d</controlfield><datafield ind1=" " ind2=" " tag="010"><subfield code="a">sn 86086251 </subfield></datafield><datafield ind1=" " ind2=" " tag="040"><subfield code="a">NPV</subfield><subfield code="b">eng</subfield><subfield code="c">NPV</subfield><subfield code="d">OCLCQ</subfield></datafield><datafield ind1=" " ind2=" " tag="042"><subfield code="a">msc</subfield></datafield><datafield ind1="0" ind2=" " tag="130"><subfield code="a">Green Lake County reporter (Green Lake, Wis. : 1894)</subfield></datafield><datafield ind1="1" ind2="0" tag="245"><subfield code="a">Green Lake County reporter.</subfield></datafield><datafield ind1="1" ind2="3" tag="246"><subfield code="a">Green Lake reporter</subfield></datafield><datafield ind1="1" ind2="3" tag="246"><subfield code="a">Reporter</subfield></datafield><datafield ind1=" " ind2=" " tag="260"><subfield code="a">Green Lake, Wis. :</subfield><subfield code="b">I.G. Lytle,</subfield><subfield code="c">-1978.</subfield></datafield><datafield ind1=" " ind2=" " tag="300"><subfield code="a">v.</subfield></datafield><datafield ind1=" " ind2=" " tag="310"><subfield code="a">Weekly</subfield></datafield><datafield ind1="0" ind2=" " tag="362"><subfield code="a">-v. 78, no. 19 (May 11, 1978).</subfield></datafield><datafield ind1="1" ind2=" " tag="362"><subfield code="a">Began Dec. 1894.</subfield><subfield code="z">Cf. Oehlerts, d. E. Guide to Wis. newspapers.</subfield></datafield><datafield ind1=" " ind2=" " tag="500"><subfield code="a">Publisher varies.</subfield></datafield><datafield ind1=" " ind2=" " tag="525"><subfield code="a">Supplements accompany some issues.</subfield></datafield><datafield ind1=" " ind2=" " tag="588"><subfield code="a">Description based on: Vol. 25, no. 3 (Jan. 9, 1919).</subfield></datafield><datafield ind1="0" ind2="7" tag="785"><subfield code="t">Markesan regional reporter</subfield><subfield code="w">(DLC)sn 86086736</subfield><subfield code="w">(OCoLC)14517399</subfield></datafield><datafield ind1="0" ind2="7" tag="785"><subfield code="t">Green Lake County reporter &amp; Markesan regional reporter</subfield><subfield code="w">(DLC)sn 86086252</subfield><subfield code="w">(OCoLC)13778559</subfield></datafield></record>